% Bibliography downloaded from https://researchr.org/downloadbibtex/bibliography/c964adad-9219-4238-a260-0f9df2e12bce-master-thesis

@article{AntwerpenPRV18,
  title = {Scopes as types},
  author = {Hendrik van Antwerpen and Casper Bach Poulsen and Arjen Rouvoet and Eelco Visser},
  year = {2018},
  doi = {10.1145/3276484},
  url = {https://doi.org/10.1145/3276484},
  researchr = {https://researchr.org/publication/AntwerpenPRV18},
  cites = {0},
  citedby = {0},
  journal = {Proceedings of the ACM on Programming Languages},
  volume = {2},
  number = {OOPSLA},
}
